@book{ford2007karst,
  title={Karst Hydrogeology and Geomorphology},
  author={Derek C. Ford and Paul Williams},
  isbn={9780470060056},
  year={2007},
  publisher={John Wiley \& Sons}
}
