@incollection{dreybrodt02,
	author    = "Wolfgang Dreybrodt and Franci Gabrovšek",
	title     = "Basic Processes and Mechanisms Governing the Evolution of Karst",
	year      = "2002",
	pages     = "115--154",
	publisher = "Inštitut za raziskoavnje krasa ZRC SAZU, Založba ZRC",
	booktitle = "Evolution of Karst: From Prekarts to Cessation",
}


