@book{raymond2003art,
	title={The Art of UNIX Programming},
	author={Eric Steven Raymond},
	isbn={9780132465885},
	series={Addison-Wesley professional computing series},
	year={2003},
	publisher={Pearson Education}
}

@article{Blinn:1982:GAS:357306.357310,
	author = {Blinn, James F.},
	title = {A Generalization of Algebraic Surface Drawing},
	journal = {ACM Trans. Graph.},
	issue_date = {July 1982},
	volume = {1},
	number = {3},
	month = jul,
	year = {1982},
	issn = {0730-0301},
	pages = {235--256},
	numpages = {22},
	url = {http://doi.acm.org/10.1145/357306.357310},
	doi = {10.1145/357306.357310},
	acmid = {357310},
	publisher = {ACM},
	address = {New York, NY, USA},
} 
