@book{Kirk:2010:PMP:1841511,
	author = {Kirk, David B. and Hwu, Wen-mei W.},
	title = {Programming Massively Parallel Processors: A Hands-on Approach},
	year = {2010},
	isbn = {0123814723, 9780123814722},
	edition = {1st},
	publisher = {Morgan Kaufmann Publishers Inc.},
	address = {San Francisco, CA, USA},
} 

@book{gaster2012heterogeneous,
	title={Heterogeneous Computing with OpenCL: Revised OpenCL 1.2 Edition},
	author={Gaster, B. and Howes, L. and Kaeli, D.R. and Mistry, P. and Schaa, D.},
	isbn={9780124055209},
	url={http://books.google.pl/books?id=yyI8jfvi9-8C},
	year={2012},
	publisher={Elsevier Science}
}

@manual{openclspec,
	title={The OpenCL Specification, version 1.2},
	organization={Khronos OpenCL Working Group},
	editor={Aaftab Munshi},
	year={2012},
	url={http://www.khronos.org/registry/cl/specs/opencl-1.2.pdf}
}

