@article{Kaufmann200962,
	title = "Modelling karst geomorphology on different time scales",
	journal = "Geomorphology ",
	volume = "106",
	number = "1–2",
	pages = "62 - 77",
	year = "2009",
	issn = "0169-555X",
	doi = "http://dx.doi.org/10.1016/j.geomorph.2008.09.016",
	url = "http://www.sciencedirect.com/science/article/pii/S0169555X08004091",
	author = "Georg Kaufmann",
	keywords = "Karst",
	keywords = "Limestone",
	keywords = "Dissolution",
	keywords = "Aquifer",
	keywords = "Caves "
}

@thesis { hiller2013,
	title = {Modelling the Evolution of Karst Aquifers in Three Dimensions},
	author = {Thomas Hiller},
	institution = {Free University of Berlin},
	type = {Ph.D.},
	year = {2013}
}

@article{Buhmann1985189,
	title = "The kinetics of calcite dissolution and precipitation in geologically relevant situations of karst areas: 1. Open system ",
	journal = "Chemical Geology ",
	volume = "48",
	number = "1–4",
	pages = "189 - 211",
	year = "1985",
	note = "",
	issn = "0009-2541",
	doi = "http://dx.doi.org/10.1016/0009-2541(85)90046-4",
	url = "http://www.sciencedirect.com/science/article/pii/0009254185900464",
	author = "Dieter Buhmann and Wolfgang Dreybrodt"
}

@article {WRCR:WRCR3377,
	author = {Huyakorn, Peter S. and Lester, Barry H. and Faust, Charles R.},
	title = {Finite element techniques for modeling groundwater flow in fractured aquifers},
	journal = {Water Resources Research},
	volume = {19},
	number = {4},
	issn = {1944-7973},
	url = {http://dx.doi.org/10.1029/WR019i004p01019},
	doi = {10.1029/WR019i004p01019},
	pages = {1019--1035},
	year = {1983},
}
@article{Buhmann1985109,
	title = "The kinetics of calcite dissolution and precipitation in geologically relevant situations of karst areas: 2. Closed system ",
	journal = "Chemical Geology ",
	volume = "53",
	number = "1–2",
	pages = "109 - 124",
	year = "1985",
	note = "",
	issn = "0009-2541",
	doi = "http://dx.doi.org/10.1016/0009-2541(85)90024-5",
	url = "http://www.sciencedirect.com/science/article/pii/0009254185900245",
	author = "Dieter Buhmann and Wolfgang Dreybrodt"
}

@thesis { annable2003,
	author = { William K. Annable},
	title = {Numerical Analysis of Conduit Evolution in Karstic Aquifers},
	year = {2003},
	type = {Ph.D.},
	institution = {University of Waterloo}

}

@article {WRCR:WRCR9525,
	author = {Kaufmann, Georg},
	title = {Numerical models for mixing corrosion in natural and artificial karst environments},
	journal = {Water Resources Research},
	volume = {39},
	number = {6},
	issn = {1944-7973},
	url = {http://dx.doi.org/10.1029/2002WR001707},
	doi = {10.1029/2002WR001707},
	pages = {n/a--n/a},
	keywords = {Karst, limestone, dissolution, mixing corrosion, dam},
	year = {2003},
}

@article{Kaufmann2010241,
	title = "Modeling three-dimensional karst aquifer evolution using different matrix-flow contributions ",
	journal = "Journal of Hydrology ",
	volume = "388",
	number = "3–4",
	pages = "241 - 250",
	year = "2010",
	note = "",
	issn = "0022-1694",
	doi = "http://dx.doi.org/10.1016/j.jhydrol.2010.05.001",
	url = "http://www.sciencedirect.com/science/article/pii/S0022169410002441",
	author = "Georg Kaufmann and Douchko Romanov and Thomas Hiller",
	keywords = "Aquifer",
	keywords = "Caves",
	keywords = "Dissolution",
	keywords = "Karst",
	keywords = "Limestone",
	keywords = "Modeling "
}

@proceedings{ forstmann2005,
	title = {Visualizing Large Procedural Volumetric Terrains Using Nested Clip-Boxes},
	author = {Sven Forstmann and Jun Ohya},
	eventtitle = {SIGGRAPH 2005},
	year = {2005}
}
