@article{Lorensen:1987:MCH:37402.37422,
	author = {Lorensen, William E. and Cline, Harvey E.},
	title = {Marching cubes: A high resolution 3D surface construction algorithm},
	journal = {SIGGRAPH Comput. Graph.},
	issue_date = {July 1987},
	volume = {21},
	number = {4},
	month = aug,
	year = {1987},
	issn = {0097-8930},
	pages = {163--169},
	numpages = {7},
	url = {http://doi.acm.org/10.1145/37402.37422},
	doi = {10.1145/37402.37422},
	acmid = {37422},
	publisher = {ACM},
	address = {New York, NY, USA},
}

@online {mchist,
	author = {Lorensen, William E.},
	title = "Marching Cubes - MC Wiki",
	year = {2007},
	url = "http://www.marchingcubes.org/index.php/Marching_Cubes",
	note = "Website maintained by co-author of Marching cubes algorithm"
}

@patent { mcpatent,
	author = {Lorensen, William E. and Cline, Harvey E.},
	title = {System and method for the display of surface structures contained within the interior region of a solid body},
	number = {US 4710876 A},
	date = {1987-12-01},
	holder = {General Electric Company}
}
