@book{ karstglossary,
	author = "Malcolm S. Field",
	title = "A Lexicon of Cave and Karst Terminology with Special Reference to Environmental Karst Hydrology",
	year = "2002",
	publisher = "United States Environmental Protection Agency"
}

@book {	migon2010,
	author = "Piotr Migo≈Ñ",
	title = "Geomorphological Landscapes of the World",
	year = "2010"
}
